@inproceedings{ULTRA, 
author={Young-Joon Lee and Morrow, P. and Sung Kyu Lim}, 
booktitle={Computer-Aided Design (ICCAD), 2012 IEEE/ACM International Conference on}, 
title={Ultra high density logic designs using transistor-level monolithic 3D integration}, 
year={2012}, 
month={Nov}, 
pages={539-546}, 
keywords={integrated circuit layout;logic design;three-dimensional integrated circuits;higher density vertical connections;layout experiment;monolithic 3D integration technology;transistor level monolithic 3D integration;ultrahigh density logic design;Integrated circuit interconnections;Layout;Libraries;Metals;Routing;Standards;Timing}, 
ISSN={1092-3152},}

@online{NCSU,
  author = {North Carolina State University},
  title = {Electronic Design Automation (EDA) Wiki},
  year = 2012,
  url = {http://www.eda.ncsu.edu/wiki/NCSU_EDA_Wiki},
  urldate = {2014-12-7},
}

@INPROCEEDINGS{CELONCEL, 
author={Bobba, S. and Chakraborty, A. and Thomas, O. and Batude, P. and Ernst, T. and Faynot, O. and Pan, D.Z. and De Micheli, G.}, 
booktitle={Design Automation Conference (ASP-DAC), 2011 16th Asia and South Pacific}, 
title={CELONCEL: Effective design technique for 3-D monolithic integration targeting high performance integrated circuits}, 
year={2011}, 
month={Jan}, 
pages={336-343}, 
ISSN={2153-6961},}
